<?xml version="1.0" encoding="UTF-8"?><collection xmlns="http://www.loc.gov/MARC21/slim"><record><leader>00392nam--2200133-i-4500</leader><controlfield tag="001">000036461</controlfield><controlfield tag="002">20161230</controlfield><controlfield tag="005">20161230201040</controlfield><controlfield tag="008">060222s1000------------r-----000-0-eng-d</controlfield><datafield ind1=" " ind2=" " tag="080"><subfield code="a">548.0:537.226.4</subfield></datafield><datafield ind1=" " ind2=" " tag="245"><subfield code="a">Polarons and excitons. scottish univ. summer scool 1962</subfield></datafield><datafield ind1=" " ind2=" " tag="260"><subfield code="a">Edinburg And London, Oliver And Boyd, 1962-3. Xvi+ 381p</subfield></datafield><datafield ind1=" " ind2=" " tag="700"><subfield code="a">Kuper,C.G. And G.D.Whitfield</subfield></datafield><datafield ind1=" " ind2=" " tag="852"><subfield code="a">19029</subfield></datafield></record></collection>